@article{dataAug,
  title={Multi-Scales Data Augmentation Approach In Natural Language Inference For Artifacts Mitigation And Pre-Trained  Model Optimization},
  author={Lu, Zhenyuan},
  journal={University of Texas at Austin},
  year={2023},
  publisher={https://arxiv.org/pdf/2212.08756}
}
@article{snliRevisited,
    author = {Bowman, Sam},
    title = {The Stanford NLI Revisited},
    journal = {The Stanford Natural Language Processing Group},
    year = {2016},
    publisher = {https://nlp.stanford.edu/blog/the-stanford-nli-corpus-revisited/}
}
@misc{sanwal2024evaluatinglargelanguagemodels,
      title={Evaluating Large Language Models Using Contrast Sets: An Experimental Approach}, 
      author={Sanwal, Manish},
      year={2024},
      eprint={2404.01569},
      archivePrefix={arXiv},
      primaryClass={cs.CL},
      url={https://arxiv.org/abs/2404.01569}
}
@misc{snlicorpus,
    author = {Bowman, Samuel, Angeli, Gabor, Potts, Christopher, Manning, Christopher},
    title = {A large annotated corpus for learning nautral language inference},
    year = {2015},
    journal = {Proceedings of the 2015 Conference on Empirical methods in Natural Language Processing (EMNLP)},
    publisher = {https://nlp.stanford.edu/projects/snli/}
}
@misc{googleelectrablog,
    author = {Clark, Kevin and Luong, Minh-Thang and Le, Quoc V. and Manning, Christopher D.},
    title = {ELECTRA: PRE-TRAINING TEXT ENCODERS AS DISCRIMINATORS RATHER THAN GENERATORS},
    year = {2020},
    url = {https://arxiv.org/pdf/2003.10555}
}
@misc{localdecisionboundaries,
    author = {Gardner, Matt and Artzi, Yoav and Basmova, Victoria and Barent, Jonathan and Bogin, Ben and  Chen, Sihao and  Dasigi, Pradeep and Dua, Dheeru and Elazar, Yanai and Gottumukkala, Ananth and Gupta, Nitish and Hajishirzi, Hanna and Ilharco, Gabriel and Khashabi, Daniel and Lin, Kevin and Liu, Jiangming and Liu, Nelson F. and Mulcaire, Phoebe and Ning, Qiang and Singh, Sameer and Smith, Noah A. and Subramanian, Sanjay and Tsarfaty, Reut and Wallace, Eric and Zhang, Ally and Zhou, Ben},
    title = {Evaluating Modelsâ€™ Local Decision Boundaries via Contrast Sets},
    year = {2020},
    url = {https://arxiv.org/pdf/2004.02709}
}
@misc{premise4granted,
    author = {Belinkov, Yonatan and Poliak, Adam and Shieber, Stuart M. and Durme, Benjamin Van and Rush, Alexander M.},
    year = {2019},
    url = {https://aclanthology.org/P19-1084.pdf}
}
@misc{princeton,
    author = {Lu, Hao and Gong, Hao},
    title = {Annotation Artifacts in NLP Tasks},
    year = {2020},
    url = {https://www.cs.princeton.edu/courses/archive/spring20/cos598C/lectures/lec18-annotation-artifacts.pdf}
}

@misc{williams2018broadcoveragechallengecorpussentence,
      title={A Broad-Coverage Challenge Corpus for Sentence Understanding through Inference}, 
      author={Adina Williams and Nikita Nangia and Samuel R. Bowman},
      year={2018},
      eprint={1704.05426},
      archivePrefix={arXiv},
      primaryClass={cs.CL},
      url={https://arxiv.org/abs/1704.05426}
}
@misc{adversarial1,
    author = {McCoy, Tom and Pavlick, Ellie and Linzen, Tal},
    year = {2019},
    title = {Right for the wrong reasons: Diagnosing syntactic heuristics in natural language inference.},
    journal = {In Proceedings of the 57th Annual Meeting of the Association for Computational Linguistics} 
}
@misc{wallace2021universaladversarialtriggersattacking,
      title={Universal Adversarial Triggers for Attacking and Analyzing NLP}, 
      author={Wallace, Eric and Feng, Shi and Kandpal, Nikhil and Gardner, Matt and Singh, Sameer},
      year={2021},
      eprint={1908.07125},
      archivePrefix={arXiv},
      primaryClass={cs.CL},
      url={https://arxiv.org/abs/1908.07125}
}
@inproceedings{checklist,
    author = {Ribeiro, Marco Tulio and Wu, Tongshuang and Guestrin, Carlos and Singh, Sameer},
    title = {Beyond Accuracy: Behavioral Testing of NLP Models with CheckList},
    booktitle = {In Proceedings of the 58th Annual Meeting of the Association for Computational Linguistics},
    pages = {4902-4912},
    year = {2020}
}
