@article{-dataAug,
  title={Multi-Scales Data Augmentation Approach In Natural Language Inference For Artifacts Mitigation And Pre-Trained  Model Optimization},
  author={Lu, Zhenyuan},
  journal={University of Texas at Austin},
  year={2023},
  publisher={https://arxiv.org/pdf/2212.08756}
}
@article{snliRevisited,
    author = {Bowman, Sam},
    title = {The Stanford NLI Revisited},
    journal = {The Stanford Natural Language Processing Group},
    year = {2016},
    publisher = {https://nlp.stanford.edu/blog/the-stanford-nli-corpus-revisited/}
}
@misc{sanwal2024evaluatinglargelanguagemodels,
      title={Evaluating Large Language Models Using Contrast Sets: An Experimental Approach}, 
      author={Manish Sanwal},
      year={2024},
      eprint={2404.01569},
      archivePrefix={arXiv},
      primaryClass={cs.CL},
      url={https://arxiv.org/abs/2404.01569}, 
}
